<record><leader>00000cas a2200000 a 4500</leader><controlfield tag="001">10541992</controlfield><controlfield tag="008">840320d19241937ksuir ne      0   a0eng d</controlfield><datafield ind1=" " ind2=" " tag="010"><subfield code="a">sn 83041069 </subfield></datafield><datafield ind1=" " ind2=" " tag="040"><subfield code="a">KSH</subfield><subfield code="b">eng</subfield><subfield code="c">KSH</subfield><subfield code="d">NPT</subfield><subfield code="d">OCL</subfield><subfield code="d">OCLCQ</subfield></datafield><datafield ind1=" " ind2=" " tag="042"><subfield code="a">msc</subfield></datafield><datafield ind1=" " ind2=" " tag="043"><subfield code="a">n-us-ks</subfield></datafield><datafield ind1="0" ind2=" " tag="130"><subfield code="a">Galena times (Galena, Kan. : 1924)</subfield></datafield><datafield ind1="1" ind2="4" tag="245"><subfield code="a">The Galena times.</subfield></datafield><datafield ind1=" " ind2=" " tag="260"><subfield code="a">Galena, Kan. :</subfield><subfield code="b">McNay Pub. Co.,</subfield><subfield code="c">1924-1937.</subfield></datafield><datafield ind1=" " ind2=" " tag="300"><subfield code="a">12 v. :</subfield><subfield code="b">ill. ;</subfield><subfield code="c">31-54 cm.</subfield></datafield><datafield ind1=" " ind2=" " tag="310"><subfield code="a">Triweekly</subfield></datafield><datafield ind1="0" ind2=" " tag="362"><subfield code="a">Vol. 28, no. 92 (June 19, 1924)-v. 41, no. 32 (Feb. 5, 1937).</subfield></datafield><datafield ind1=" " ind2=" " tag="752"><subfield code="a">United States</subfield><subfield code="b">Kansas</subfield><subfield code="c">Cherokee</subfield><subfield code="d">Galena.</subfield></datafield><datafield ind1="0" ind2="0" tag="780"><subfield code="t">Galena evening times</subfield><subfield code="w">(DLC)sn 83041011</subfield></datafield><datafield ind1="0" ind2="7" tag="785"><subfield code="t">Galena republican (Galena, Kan. : 1925)</subfield><subfield code="w">(DLC)sn 83041009</subfield></datafield><datafield ind1="0" ind2="7" tag="785"><subfield code="t">Galena times-republican</subfield><subfield code="w">(DLC)sn 83041010</subfield></datafield></record>